<?xml version="1.0" encoding="UTF-8"?><collection xmlns="http://www.loc.gov/MARC21/slim"><record><leader>00538nam--2200193-i-4500</leader><controlfield tag="001">000043200</controlfield><controlfield tag="002">20161230</controlfield><controlfield tag="005">20161230201043</controlfield><controlfield tag="008">060222s1000------------r-----000-0-eng-d</controlfield><datafield ind1=" " ind2=" " tag="040"><subfield code="a">IFIN-HH</subfield></datafield><datafield ind1=" " ind2=" " tag="080"><subfield code="a">539.2</subfield></datafield><datafield ind1="1" ind2=" " tag="100"><subfield code="a">Craig, D.P./S.A.</subfield></datafield><datafield ind1="1" ind2="0" tag="245"><subfield code="a">Excitons in molecular crystals</subfield><subfield code="b">Theory and applications</subfield><subfield code="c">D.p. craig, s.h. walmsley</subfield></datafield><datafield ind1=" " ind2=" " tag="260"><subfield code="a">New York</subfield><subfield code="b">W.A. Benjamin, Inc</subfield><subfield code="c">1968</subfield></datafield><datafield ind1=" " ind2=" " tag="300"><subfield code="a">XI+172P</subfield></datafield><datafield ind1=" " ind2=" " tag="490"><subfield code="a">Frontiers In Chemistry</subfield></datafield><datafield ind1="1" ind2=" " tag="700"><subfield code="a">Walmsley, S.H</subfield></datafield><datafield ind1=" " ind2=" " tag="852"><subfield code="a">30921</subfield><subfield code="c">539.2</subfield></datafield><datafield ind1=" " ind2=" " tag="CAT"><subfield code="a">Sys</subfield><subfield code="c">20121016</subfield><subfield code="h">120355</subfield></datafield></record></collection>